  @Manual{dataMaid,
      title = {\pkg{dataMaid}: A Suite of Checks for Identification of Potential Errors in a Data Frame as Part of the Data Cleaning Process},
       author = {Anne H. Petersen and Claus Thorn Ekstrøm},
       year = {2016},
       note = {\proglang{R} package version 0.9.2},
   }
  @Manual{rmarkdown,
      title = {\pkg{rmarkdown}: Dynamic Documents for \proglang{R}},
          author = {JJ Allaire and Joe Cheng and Yihui Xie and Jonathan McPherson and Winston Chang and Jeff Allen and Hadley Wickham and Aron Atkins and Rob Hyndman},
	      note = {\proglang{R} package version 1.3},
	      year = 2016,
	          url = {http://rmarkdown.rstudio.com},
		    }
  @Book{ggplot2,
      author = {Hadley Wickham},
          title = {\pkg{ggplot2}: Elegant Graphics for Data Analysis},
	      publisher = {Springer-Verlag New York},
	          year = {2009},
		      isbn = {978-0-387-98140-6},
		          url = {http://ggplot2.org}
			  }
@Manual{dplyr,
   title = {\pkg{dplyr}: A Grammar of Data Manipulation},
   author = {Hadley Wickham and Romain Francois and Lionel Henry and Kirill Müller},
      year = {2017},
      note = {\proglang{R} package version 0.7.4},
      url = {https://CRAN.R-project.org/package=dplyr},
       }
		        
	@Manual{assertr,
      title = {\pkg{assertr}: Assertive Programming for \proglang{R} Analysis Pipelines},
          author = {Tony Fischetti},
	      year = {2017},
	          note = {\proglang{R} package version 2.0.2.2},
		      url = {https://CRAN.R-project.org/package=assertr},
		        }
		        		        		    
  @Manual{tidyr,
      title = {\pkg{tidyr}: Easily Tidy Data with '\code{spread()}' and '\code{gather()}' Functions},
          author = {Hadley Wickham and Lionel Henry},
	      year = {2017},
	          note = {\proglang{R} package version 0.7.1},
		      url = {https://CRAN.R-project.org/package=tidyr},
		        }
  @Manual{data.table,
      title = {\pkg{data.table}: Extension of \code{data.frame}},
          author = {M Dowle and A Srinivasan and T Short and S Lianoglou},
	      year = {2016},
	          note = {\proglang{R} package version 1.9.8},
		      url = {https://CRAN.R-project.org/package=data.table},
		        }
  @Manual{validate,
      title = {\pkg{validate}: Data Validation Infrastructure},
          author = {Mark {van der Loo} and Edwin {de Jonge}},
	      year = {2016},
	          note = {\proglang{R} package version 0.1.5},
		      url = {https://CRAN.R-project.org/package=validate},
		        }
  @Manual{editrules,
      title = {\pkg{editrules}: Parsing, Applying, and Manipulating Data Cleaning Rules},
          author = {Edwin {de Jonge} and Mark {van der Loo}},
	      year = {2015},
	          note = {\proglang{R} package version 2.9.0},
		      url = {https://CRAN.R-project.org/package=editrules},
		        }
  @Manual{janitor,
      title = {\pkg{janitor}: Simple Tools for Examining and Cleaning Dirty Data},
          author = {Sam Firke},
	      year = {2016},
	          note = {\proglang{R} package version 0.2.1},
		      url = {https://CRAN.R-project.org/package=janitor},
		        }

  @Manual{DataCombine,
      title = {\pkg{DataCombine}: Tools for Easily Combining and Cleaning Data Sets},
          author = {Christopher Gandrud},
	      year = {2016},
	          note = {\proglang{R} package version 0.2.21},
		      url = {https://CRAN.R-project.org/package=DataCombine},
		        }

  @Manual{shiny,
      title = {\pkg{shiny}: Web Application Framework for \proglang{R}},
          author = {Winston Chang and Joe Cheng and J. J. Allaire and Yihui Xie and Jonathan McPherson},
	      year = {2016},
	          note = {\proglang{R} package version 0.13.2},
		      url = {https://CRAN.R-project.org/package=shiny},
		        }

  @Manual{txtplot,
      title = {\pkg{txtplot}: Text based plots},
          author = {Bjoern Bornkamp},
	      year = {2012},
	          note = {\proglang{R} package version 1.0-3},
		      url = {https://CRAN.R-project.org/package=txtplot},
		        }

@Manual{R,
    title = {\proglang{R}: A Language and Environment for Statistical Computing},
        author = {{\proglang{R} Core Team}},
	    organization = {\proglang{R} Foundation for Statistical Computing},
	        address = {Vienna, Austria},
		    year = {2016},
		        url = {https://www.R-project.org/},
			  }

  @Manual{DescTools,
      title = {\pkg{DescTools}: Tools for Descriptive Statistics},
          author = {Andri Signorell and others},
	      year = {2016},
	          note = {\proglang{R} package version 0.99.18},
		      url = {https://cran.r-project.org/package=DescTools},
		      }

  @Manual{DataExplorer,
      title = {\pkg{DataExplorer}: Data Explorer},
          author = {Boxuan Cui},
	      year = {2016},
	          note = {\proglang{R} package version 0.3.0},
		      url = {https://CRAN.R-project.org/package=DataExplorer},
		        }
			

  @Manual{deducorrect,
      title = {\pkg{deducorrect}: Deductive Correction, Deductive Imputation, and Deterministic
      Correction},
          author = {Mark {van der Loo} and Edwin {de Jonge} and Sander Scholtus},
	      year = {2015},
	          note = {\proglang{R} package version 1.3.7},
		      url = {https://CRAN.R-project.org/package=deducorrect},
		        }

  @Manual{assertive,
    title = {\pkg{assertive}: Readable Check Functions to Ensure Code Integrity},
    author = {Richard Cotton},
    year = {2016},
    note = {\proglang{R} package version 0.3-5},
    url = {https://CRAN.R-project.org/package=assertive},
  }


@manual{stata,
  author = {StataCorp},
  title = {\proglang{Stata} Statistical Software: Release 15},
  year = {2017},
  organization = {StataCorp LLC},
  address = {College Station, TX, USA}
}